<?xml version="1.0" encoding="UTF-8"?><record xmlns="http://www.loc.gov/MARC21/slim" xmlns:cinclude="http://apache.org/cocoon/include/1.0" xmlns:zs="http://www.loc.gov/zing/srw/">
  <leader>00527cz  a2200145n  4500</leader>
  <controlfield tag="001">no2005067488</controlfield>
  <controlfield tag="003">DLC</controlfield>
  <controlfield tag="005">20120816082455.0</controlfield>
  <controlfield tag="008">050718n| acannaabn          |n ana     c</controlfield>
  <datafield tag="010" ind1=" " ind2=" ">
    <subfield code="a">no2005067488</subfield>
  </datafield>
  <datafield tag="035" ind1=" " ind2=" ">
    <subfield code="a">(OCoLC)oca06688794</subfield>
  </datafield>
  <datafield tag="040" ind1=" " ind2=" ">
    <subfield code="a">ViU</subfield>
    <subfield code="b">eng</subfield>
    <subfield code="c">ViU</subfield>
    <subfield code="d">DLC</subfield>
  </datafield>
  <datafield tag="111" ind1="2" ind2=" ">
    <subfield code="a">Rassegna biennale di poesia "Laura Nobile"</subfield>
  </datafield>
  <datafield tag="667" ind1=" " ind2=" ">
    <subfield code="a">THIS 1XX FIELD CANNOT BE USED UNDER RDA UNTIL THIS RECORD HAS BEEN REVIEWED AND/OR UPDATED</subfield>
  </datafield>
  <datafield tag="670" ind1=" " ind2=" ">
    <subfield code="a">5 poeti del premio "Laura Nobile," 1995:</subfield>
    <subfield code="b">ser. t.p. (Rassegna biennale di poesia "Laura Nobile")</subfield>
  </datafield>
</record>